<record><leader>00000cas a2200000 a 4500</leader><controlfield tag="001">10821201</controlfield><controlfield tag="008">840608d18961896ksuwr ne      0   a0eng d</controlfield><controlfield tag="009">3789</controlfield><datafield ind1=" " ind2=" " tag="010"><subfield code="a">sn 84029177 </subfield></datafield><datafield ind1=" " ind2=" " tag="040"><subfield code="a">KSH</subfield><subfield code="b">eng</subfield><subfield code="c">KSH</subfield><subfield code="d">NPT</subfield><subfield code="d">OCL</subfield></datafield><datafield ind1=" " ind2=" " tag="042"><subfield code="a">msc</subfield></datafield><datafield ind1="0" ind2="0" tag="245"><subfield code="a">Girard weekly world and western herald.</subfield></datafield><datafield ind1="1" ind2="0" tag="246"><subfield code="a">Girard world and western herald</subfield></datafield><datafield ind1=" " ind2=" " tag="260"><subfield code="a">Girard, Kan. :</subfield><subfield code="b">World Co.,</subfield><subfield code="c">1896.</subfield></datafield><datafield ind1=" " ind2=" " tag="300"><subfield code="a">1 v. :</subfield><subfield code="b">ill. ;</subfield><subfield code="c">27-36 cm.</subfield></datafield><datafield ind1=" " ind2=" " tag="310"><subfield code="a">Weekly</subfield></datafield><datafield ind1="0" ind2=" " tag="362"><subfield code="a">Vol. 19, no. 1 (Jan. 2, 1896)-v. 19, no. 36 (Sept. 3, 1896).</subfield></datafield><datafield ind1=" " ind2=" " tag="500"><subfield code="a">Published as: Girard world and western herald, Sept. 3, 1896.</subfield></datafield><datafield ind1=" " ind2=" " tag="752"><subfield code="a">United States</subfield><subfield code="b">Kansas</subfield><subfield code="c">Crawford</subfield><subfield code="d">Girard.</subfield></datafield><datafield ind1="0" ind2="4" tag="780"><subfield code="t">Girard weekly world</subfield><subfield code="w">(DLC)sn 84029176</subfield></datafield><datafield ind1="0" ind2="4" tag="780"><subfield code="t">Western herald (Girard, Kan.)</subfield><subfield code="w">(DLC)sn 84029216</subfield></datafield><datafield ind1="0" ind2="0" tag="785"><subfield code="t">Girard world</subfield><subfield code="w">(DLC)sn 84029178</subfield></datafield></record>